<?xml version="1.0" encoding="UTF-8"?><collection xmlns="http://www.loc.gov/MARC21/slim"><record><leader>00534nam--2200205-u-4500</leader><controlfield tag="001">000053453</controlfield><controlfield tag="002">20161230</controlfield><controlfield tag="005">20161230201051</controlfield><controlfield tag="008">110405s1000------------r-----000-0-rum-d</controlfield><datafield ind1=" " ind2=" " tag="020"><subfield code="a">9789732716809</subfield></datafield><datafield ind1=" " ind2=" " tag="040"><subfield code="a">IFIN-HH</subfield></datafield><datafield ind1=" " ind2=" " tag="041"><subfield code="a">rum</subfield></datafield><datafield ind1=" " ind2=" " tag="080"><subfield code="a">53(082.2)</subfield></datafield><datafield ind1="1" ind2=" " tag="100"><subfield code="a">Marian, Tudor A</subfield></datafield><datafield ind1="1" ind2="0" tag="245"><subfield code="a">Serban titeica</subfield><subfield code="b">Articole stiintifice</subfield><subfield code="c">Tudor a. marian (ed.)</subfield></datafield><datafield ind1=" " ind2=" " tag="260"><subfield code="a">Bucuresti</subfield><subfield code="b">Editura Academiei Romane</subfield><subfield code="c">2008</subfield></datafield><datafield ind1=" " ind2=" " tag="300"><subfield code="a">649P</subfield></datafield><datafield ind1=" " ind2=" " tag="490"><subfield code="a">Scientific Papers</subfield></datafield><datafield ind1=" " ind2=" " tag="852"><subfield code="a">82234</subfield><subfield code="c">92</subfield></datafield><datafield ind1=" " ind2=" " tag="CAT"><subfield code="a">Sys</subfield><subfield code="c">20110405</subfield><subfield code="h">133438</subfield></datafield></record></collection>